@misc{pfm-book,
  author       = {Vince Knight and
                  Michalis Panayides and
                  Henry Wilde},
  title        = {{P}ython for {M}athematics},
  year         = 2020,
  publisher    = {Zenodo},
  doi          = {10.5281/zenodo.4074114},
}

@misc{copd-paper,
      title={Segmentation analysis and the recovery of queuing parameters via the Wasserstein distance: a study of administrative data for patients with chronic obstructive pulmonary disease}, 
      author={Henry Wilde and Vincent Knight and Jonathan Gillard and Kendal Smith},
      year={2020},
      eprint={2008.04295},
      archivePrefix={arXiv},
      primaryClass={stat.AP}
}

@misc{kmodes-paper,
    archiveprefix = {arXiv},
    author = {Henry Wilde and Vincent Knight and Jonathan Gillard},
    eprint = {2002.02701},
    primaryclass = {cs.LG},
    title = {A novel initialisation based on hospital-resident assignment for the
$k$-modes algorithm},
    year = {2020}
}

@article{matching-paper,
  doi = {10.21105/joss.02169},
  year = {2020},
  publisher = {The Open Journal},
  volume = {5},
  number = {48},
  pages = {2169},
  author = {Henry Wilde and Vincent Knight and Jonathan Gillard},
  title = {Matching: A Python library for solving matching games},
  journal = {Journal of Open Source Software}
}

@article{edo-paper,
  doi = {10.1007/s10489-019-01592-4},
  year = {2019},
  publisher = {Springer Science and Business Media {LLC}},
  volume = {50},
  number = {4},
  pages = {1172--1191},
  author = {Henry Wilde and Vincent Knight and Jonathan Gillard},
  title = {Evolutionary dataset optimisation: learning algorithm quality through evolution},
  journal = {Applied Intelligence}
}

@software{blackbook,
  author       = {Vince Knight and
                  Henry Wilde and
                  Nikoleta Glynatsi and
                  Matthew Feickert},
  title        = {{Blackbook: Black for Jupyter notebooks}},
  year         = {2019--present},
  publisher    = {Zenodo},
  doi          = {10.5281/zenodo.2553362},
}

@software{matching,
  author       = {Henry Wilde and
                  Vince Knight},
  title        = {Matching: A package for solving matching games},
  year         = {2018--present},
  note = {Software},
  publisher    = {Zenodo},
  doi          = {10.5281/zenodo.2553125},
}

@software{edo,
  author       = {Henry Wilde and
                  Vince Knight},
  title        = {{EDO}: A library for generating artificial datasets through
                  evolution},
  year         = {2018--present},
  publisher    = {Zenodo},
  doi          = {10.5281/zenodo.2552890},
}
